@inproceedings{harren_2012,
Author = {Hal Warren and Eva Winer},
Title = {{APA VIVO: A Semantic Framework for Scholarly Identity and Trusted Attribute Exchange}},
Booktitle = {9th Extended Semantic Web Conference (ESWC2012)},
Year = {2012},
Month = {May},
Abstract = {In this paper, we describe a semantic approach to scholarly identity and scientific attribution based on a trust extension of VIVO, an open-source semantic social network platform for scientists. The Publish Trust pilot demonstrates how researchers can extend and manage verified claims of authorship in a semantic framework using VIVO instances and open identity technologies.},
Url = {http://data.semanticweb.org/conference/eswc/2012/paper/poster/314}
}